%% Created for Prasanta Ghosh on -01-20

@misc{gal-dropout,
  doi = {10.48550/ARXIV.1512.05287},  
  url = {https://arxiv.org/abs/1512.05287},  
  author = {Gal, Yarin and Ghahramani, Zoubin},  
  keywords = {Machine Learning (stat.ML), FOS: Computer and information sciences, FOS: Computer and information sciences},  
  title = {A Theoretically Grounded Application of Dropout in Recurrent Neural Networks},
  publisher = {arXiv},  
  year = {2015},  
  copyright = {arXiv.org perpetual, non-exclusive license}
}

@inproceedings{powers-1998-zipf,
    title = "Applications and Explanations of {Z}ipf{'}s Law",
    author = "Powers, David M. W.",
    booktitle = "New Methods in Language Processing and Computational Natural Language Learning",
    year = "1998",
    url = "https://aclanthology.org/W98-1218",
}

@misc{zaremba-rnn,
  doi = {10.48550/ARXIV.1409.2329},  
  url = {https://arxiv.org/abs/1409.2329},  
  author = {Zaremba, Wojciech and Sutskever, Ilya and Vinyals, Oriol},  
  keywords = {Neural and Evolutionary Computing (cs.NE), FOS: Computer and information sciences, FOS: Computer and information sciences},  
  title = {Recurrent Neural Network Regularization},  
  publisher = {arXiv},  
  year = {2014},  
  copyright = {arXiv.org perpetual, non-exclusive license}
}

@inproceedings{Mikolov2010RecurrentNN,
  title={Recurrent neural network based language model},
  author={Tomas Mikolov and Martin Karafi{\'a}t and Luk{\'a}{\vs} Burget and Jan Honza {\vC}ernock{\'y} and Sanjeev Khudanpur},
  booktitle={Interspeech},
  year={2010}
}

@inbook{mcgilvray_2001,
    place={Cambridge},
    series={Studies in Natural Language Processing}, 
    title={Chomsky on the Creative Aspect of Language Use and Its Implications for Lexical Semantic Studies}, 
    DOI={10.1017/CBO9780511896316.004}, 
    booktitle={The Language of Word Meaning}, 
    publisher={Cambridge University Press}, 
    author={McGilvray, James}, 
    editor={Busa, Federica and Bouillon, PierretteEditors}, 
    year={2001}, 
    pages={5â€“27}, collection={Studies in Natural Language Processing}
}

@article{Mar13,
  added-at = {2008-03-17T11:27:54.000+0100},
  author = {Markov, A. A.},
  biburl = {https://www.bibsonomy.org/bibtex/2524f90b3a901a933f9e1071f84276925/nlp},
  interhash = {e56c253b0398259ec35cc226713c18f5},
  intrahash = {524f90b3a901a933f9e1071f84276925},
  journal = {Izvistia Imperatorskoi Akademii Nauk (Bulletin de {l'Acad\'{e}mie}
  {Imp\'{e}riale} des Sciences de {St.-P\'{e}tersbourg)}},
  keywords = {2000 book nlp},
  note = {English translation by Morris Halle, 1956.},
  pages = {153--162},
  series = 6,
  timestamp = {2008-03-17T11:32:50.000+0100},
  title = {Essai d'une recherche statistique sur le texte du roman ``{E}ugene
  {O}negin'' illustrant la liaison des epreuve en chain ({`Example} of a
  statistical investigation of the text of ``{E}ugene {O}negin" illustrating
  the dependence between samples in chain')},
  volume = 7,
  year = 1913
}

@article{marcus-etal-ptb,
    title = "Building a Large Annotated Corpus of {E}nglish: The {P}enn {T}reebank",
    author = "Marcus, Mitchell P.  and
      Santorini, Beatrice  and
      Marcinkiewicz, Mary Ann",
    journal = "Computational Linguistics",
    volume = "19",
    number = "2",
    year = "1993",
    address = "Cambridge, MA",
    publisher = "MIT Press",
    url = "https://aclanthology.org/J93-2004",
    pages = "313--330",
}

@misc{pytorch-nlp,
  author = {Petrochuk, Michael},
  title = {PyTorch-NLP: Rapid Prototyping with PyTorch Natural Language Processing (NLP) Tools},
  year = {2018},
  publisher = {GitHub},
  journal = {GitHub repository},
  howpublished = {\url{https://github.com/PetrochukM/PyTorch-NLP}},
}
